<collection xmlns="http://www.loc.gov/MARC21/slim"><record><leader>00493nam  2200157   450</leader><controlfield tag="001">437</controlfield><controlfield tag="003">http://montalegre.opacnet.com/OPAC/default.aspx?ContentAreaControl=ShowRegHoldings.ascx&amp;RegNo=16662</controlfield><datafield tag="100" ind1=" " ind2=" "><subfield code="a">d1932----k  y0pory0103    ba</subfield></datafield><datafield tag="101" ind1="1" ind2=" "><subfield code="a">por</subfield><subfield code="c">fre</subfield></datafield><datafield tag="102" ind1=" " ind2=" "><subfield code="a">PT</subfield></datafield><datafield tag="200" ind1="1" ind2=" "><subfield code="a">&lt;A &gt;Ondina de Capdeuilles</subfield><subfield code="f">M. Delly</subfield><subfield code="g">trad. Lygia Estrada</subfield></datafield><datafield tag="210" ind1=" " ind2=" "><subfield code="a">S. Paulo</subfield><subfield code="c">Livraria Zenith</subfield><subfield code="d">1932</subfield></datafield><datafield tag="215" ind1=" " ind2=" "><subfield code="a">189, [3] p.</subfield><subfield code="d">20 cm</subfield></datafield><datafield tag="700" ind1=" " ind2="0"><subfield code="a">Delly</subfield><subfield code="c">pseud</subfield></datafield><datafield tag="702" ind1=" " ind2="1"><subfield code="a">Estrada</subfield><subfield code="b">Lygia</subfield></datafield><datafield tag="801" ind1=" " ind2="0"><subfield code="a">PT</subfield><subfield code="b">Biblioteca Municipal de Montalegre</subfield><subfield code="g">RPC</subfield></datafield><datafield tag="909" ind1="&#9;" ind2=" "><subfield code="a">1</subfield></datafield><datafield tag="966" ind1=" " ind2=" "><subfield code="a">0008241</subfield><subfield code="l">BMM</subfield><subfield code="s">SCG 821 DEL ond 11</subfield></datafield></record></collection>